<record><leader>04583cam a2200481 i 45 0</leader><controlfield tag="001">6697968</controlfield><controlfield tag="003">OCoLC</controlfield><controlfield tag="005">20150116124559.0</controlfield><controlfield tag="008">140319s2015    flua     bf   001 0 eng  </controlfield><datafield ind1=" " ind2=" " tag="010"><subfield code="a">  2014011150</subfield></datafield><datafield ind1="7" ind2=" " tag="016"><subfield code="a">101628554</subfield><subfield code="2">DNLM</subfield></datafield><datafield ind1=" " ind2=" " tag="020"><subfield code="a">9781444181746</subfield><subfield code="q">(paperback : alk. paper)</subfield></datafield><datafield ind1=" " ind2=" " tag="020"><subfield code="a">1444181742</subfield><subfield code="q">(paperback : alk. paper)</subfield></datafield><datafield ind1=" " ind2=" " tag="035"><subfield code="a">ocn874961184</subfield></datafield><datafield ind1=" " ind2=" " tag="040"><subfield code="a">DNLM/DLC</subfield><subfield code="b">eng</subfield><subfield code="e">rda</subfield><subfield code="c">DLC</subfield><subfield code="d">BTCTA</subfield><subfield code="d">YDXCP</subfield><subfield code="d">NLM</subfield><subfield code="d">OCLCQ</subfield><subfield code="d">OCLCO</subfield><subfield code="d">VET</subfield><subfield code="d">AFMK</subfield></datafield><datafield ind1=" " ind2=" " tag="042"><subfield code="a">pcc</subfield></datafield><datafield ind1="0" ind2="0" tag="050"><subfield code="a">RC564</subfield><subfield code="b">.S74 2015</subfield></datafield><datafield ind1="1" ind2="0" tag="060"><subfield code="a">WM 34</subfield></datafield><datafield ind1=" " ind2="4" tag="060"><subfield code="a">WM 34</subfield><subfield code="b">S795s 2015</subfield></datafield><datafield ind1="0" ind2="0" tag="082"><subfield code="a">616.86</subfield><subfield code="2">23</subfield></datafield><datafield ind1=" " ind2=" " tag="090"><subfield code="a">RC 564 S74 2015</subfield><subfield code="b">AFMK</subfield></datafield><datafield ind1=" " ind2=" " tag="090"><subfield code="a">RC564 .S73 2015</subfield><subfield code="b">AEGMCT</subfield></datafield><datafield ind1="1" ind2=" " tag="100"><subfield code="a">Stark, Margaret,</subfield><subfield code="e">author.</subfield></datafield><datafield ind1="1" ind2="0" tag="245"><subfield code="a">Symptoms and signs of substance misuse /</subfield><subfield code="c">Margaret Stark, LLM MSc (Med Ed), FFFLM, FACBS, FHEA, FACLM, FRCP, FRCP, DGM, DMJ, DAB, Adjunct Professor, Central Clinical School, Disipline of Medicine and Sydney Forensic, Medicine and Science Network, University of Sydney ; Director, Clinical Forensic Medicine Unit, NSW Police Force, Sydney, Australia ; Founding Academic Dean, Faculty of Forensic and Legal Medicine, Royal College of Physicians of London, UK, Jason Payne-James, LLM&lt;MSc, FFFLM, FFSoc, FRC(Ed &amp; Eng), DFM, Mediator, Specialist in Forensic and Legal Medicine ; Honorary Senior Leceturer, Cameron Forensic Medicial sciences, Barts and the London Medical and Dental School, London ; Director, Forensic Healthcare Services Ltd, Leigh-on-Sea, UK, Michael Scott-Ham, BSc, MFSSoc, Committee member of United Kindgom and Ireland Association of Forensic Toxicologists ; Member of Society of Forensic Toxicologists ; Member of The International Association of Forensic Toxicologist ; Senior Associate Member Royal society of Medicine ; Forensic Toxicology Consultant ; Director of Principal Forensic Toxicology and Drugs Consultancy Ltd, London ; Director of Principal Forensic Services Ltd, London, UK.</subfield></datafield><datafield ind1=" " ind2=" " tag="250"><subfield code="a">Third edition.</subfield></datafield><datafield ind1=" " ind2="1" tag="264"><subfield code="a">Boca Raton :</subfield><subfield code="b">CRC Press/Taylor &amp; Francis Group,</subfield><subfield code="c">[2015]</subfield></datafield><datafield ind1=" " ind2=" " tag="300"><subfield code="a">x, 148 pages :</subfield><subfield code="b">color illustrations ;</subfield><subfield code="c">25 cm</subfield></datafield><datafield ind1=" " ind2=" " tag="336"><subfield code="a">text</subfield><subfield code="b">txt</subfield><subfield code="2">rdacontent</subfield></datafield><datafield ind1=" " ind2=" " tag="337"><subfield code="a">unmediated</subfield><subfield code="b">n</subfield><subfield code="2">rdamedia</subfield></datafield><datafield ind1=" " ind2=" " tag="338"><subfield code="a">volume</subfield><subfield code="b">nc</subfield><subfield code="2">rdacarrier</subfield></datafield><datafield ind1=" " ind2=" " tag="504"><subfield code="a">Includes bibliographical references and index.</subfield></datafield><datafield ind1=" " ind2=" " tag="520"><subfield code="a">"INTRODUCTION Misuse of both illicit and licit drugs is widespread on a global and massive scale. The term substance misuse is a general term to describe the misuse of drugs. All drugs (those legally obtained or prescribed and those illegally supplied) including alcohol and tobacco have the potential for being misused. Individuals may use drugs occasionally (so-called 'recreational' use), for example at weekends, or may become addicted to, and dependent upon, certain drugs. Drugs can affect all aspects of life including home, relationships, school, college, university, employment, sporting and personal life. The effects of drugs on individuals or institutions are frequently highlighted in news stories, often coated with a veneer of excitement, daring or glamour. This can be very misleading. Unfortunately, whether drug use is recreational, or results in dependence or addiction, each drug will have physical or psychological effects, or a combination of both. Some of these effects may appear positive - e.g. a temporary feeling of well-being and some individuals may be lucky enough to use drugs without any adverse consequences. However for many drug users, adverse consequences are frequently seen, and such effects may be prolonged or fatal, may affect the ability to maintain or seek employment, to travel, and may result in a criminal record. The undesirable and unwanted effects differ from drug to drug. Individuals may describe physical or psychological effects that they feel or experience - these are 'symptoms', or others may see or observe physical effects - these are 'signs'"--</subfield><subfield code="c">Provided by publisher.</subfield></datafield><datafield ind1=" " ind2=" " tag="596"><subfield code="a">8 29</subfield></datafield><datafield ind1=" " ind2="0" tag="650"><subfield code="a">Substance abuse.</subfield></datafield><datafield ind1="1" ind2="2" tag="650"><subfield code="a">Substance-Related Disorders</subfield><subfield code="x">diagnosis</subfield><subfield code="v">Handbooks.</subfield></datafield><datafield ind1="2" ind2="2" tag="650"><subfield code="a">Prescription Drug Misuse</subfield><subfield code="v">Handbooks.</subfield></datafield><datafield ind1="2" ind2="2" tag="650"><subfield code="a">Substance-Related Disorders</subfield><subfield code="x">therapy</subfield><subfield code="v">Handbooks.</subfield></datafield><datafield ind1="1" ind2=" " tag="700"><subfield code="a">Payne-James, Jason,</subfield><subfield code="e">author.</subfield></datafield><datafield ind1="1" ind2=" " tag="700"><subfield code="a">Scott-Ham, Michael,</subfield><subfield code="e">author.</subfield></datafield><datafield ind1=" " ind2=" " tag="947"><subfield code="b">PSW</subfield><subfield code="f">QGM</subfield><subfield code="h">GMCT-OS-B</subfield><subfield code="p">28.12</subfield><subfield code="q">1</subfield><subfield code="z">9781444181746</subfield></datafield><datafield ind1=" " ind2=" " tag="999"><subfield code="h">GMCT-OS-B</subfield></datafield><datafield ind1=" " ind2=" " tag="926"><subfield code="a">RC 564 S74 2015</subfield><subfield code="w">LC</subfield><subfield code="c">1</subfield><subfield code="i">34917001371140</subfield><subfield code="d">3/8/2016</subfield><subfield code="l">ON_SHELF</subfield><subfield code="m">KEYANO</subfield><subfield code="p">$30.35</subfield><subfield code="q">1</subfield><subfield code="r">Y</subfield><subfield code="s">Y</subfield><subfield code="t">BOOK</subfield><subfield code="u">9/26/2014</subfield><subfield code="o">.STAFF. Rec'd Dec/14 MW</subfield></datafield><datafield ind1=" " ind2=" " tag="926"><subfield code="a">RC564 .S73 2015</subfield><subfield code="w">LC</subfield><subfield code="c">1</subfield><subfield code="i">1007774662</subfield><subfield code="d">3/10/2017</subfield><subfield code="e">3/3/2017</subfield><subfield code="l">ON_SHELF</subfield><subfield code="m">GR_MACEWAN</subfield><subfield code="n">3</subfield><subfield code="p">$41.29</subfield><subfield code="r">Y</subfield><subfield code="s">Y</subfield><subfield code="t">BOOK</subfield><subfield code="u">6/30/2015</subfield></datafield></record>